% This file was created with JabRef 2.10b2.
% Encoding: UTF-8

@InProceedings{quigley2009ros,
  Title                    = {ROS: an open-source Robot Operating System},
  Author                   = {Quigley, Morgan and Conley, Ken and Gerkey, Brian and Faust, Josh and Foote, Tully and Leibs, Jeremy and Wheeler, Rob and Ng, Andrew Y},
  Booktitle                = {ICRA workshop on open source software},
  Year                     = {2009},
  Number                   = {3.2},
  Organization             = {Kobe},
  Pages                    = {5},
  Volume                   = {3}
}

